<record><leader>00000cas a22000007a 4500</leader><controlfield tag="001">20105754</controlfield><controlfield tag="008">890731d188u1uuucoucr ne      0    0eng d</controlfield><datafield ind1=" " ind2=" " tag="010"><subfield code="a">sn 89052220 </subfield></datafield><datafield ind1=" " ind2=" " tag="040"><subfield code="a">CNQ</subfield><subfield code="b">eng</subfield><subfield code="c">CNQ</subfield><subfield code="d">OCLCQ</subfield></datafield><datafield ind1=" " ind2=" " tag="042"><subfield code="a">msc</subfield></datafield><datafield ind1="0" ind2=" " tag="130"><subfield code="a">Colorado herald (Saguache, Colo. : 188u)</subfield></datafield><datafield ind1="1" ind2="4" tag="245"><subfield code="a">The Colorado herald.</subfield></datafield><datafield ind1="1" ind2="3" tag="246"><subfield code="a">Semiweekly Colorado herald</subfield></datafield><datafield ind1=" " ind2=" " tag="260"><subfield code="a">Saguache, Saguache County, Colo. :</subfield><subfield code="b">Herald Pub. Co.</subfield></datafield><datafield ind1=" " ind2=" " tag="300"><subfield code="a">v.</subfield></datafield><datafield ind1=" " ind2=" " tag="310"><subfield code="a">Semiweekly</subfield></datafield><datafield ind1=" " ind2=" " tag="530"><subfield code="a">Available on microfilm from the Colorado Historical Society.</subfield></datafield><datafield ind1=" " ind2=" " tag="588"><subfield code="a">Description based on: Vol. 7, no. 11 (Nov. 20, 1894).</subfield></datafield><datafield ind1=" " ind2=" " tag="752"><subfield code="a">United States</subfield><subfield code="b">Colorado</subfield><subfield code="c">Saguache</subfield><subfield code="d">Saguache.</subfield></datafield></record>